<record><leader>00000cas a2200000 a 4500</leader><controlfield tag="001">15227727</controlfield><controlfield tag="008">870223d18901979iluwr ne      0    0eng c</controlfield><datafield ind1=" " ind2=" " tag="010"><subfield code="a">sn 87082252 </subfield></datafield><datafield ind1=" " ind2=" " tag="040"><subfield code="a">NPV</subfield><subfield code="b">eng</subfield><subfield code="c">NPV</subfield><subfield code="d">NVF</subfield><subfield code="d">KNP</subfield><subfield code="d">NVF</subfield><subfield code="d">OCLCF</subfield><subfield code="d">OCLCO</subfield></datafield><datafield ind1=" " ind2=" " tag="042"><subfield code="a">pcc</subfield></datafield><datafield ind1=" " ind2=" " tag="043"><subfield code="a">n-us-il</subfield></datafield><datafield ind1="0" ind2=" " tag="130"><subfield code="a">Bement register (Bement, Ill. : 1890)</subfield></datafield><datafield ind1="1" ind2="0" tag="245"><subfield code="a">Bement register.</subfield></datafield><datafield ind1=" " ind2=" " tag="260"><subfield code="a">Bement, Piatt County, Ill. :</subfield><subfield code="b">M.O. Curry &amp; Co.,</subfield><subfield code="c">1890-1979.</subfield></datafield><datafield ind1=" " ind2=" " tag="300"><subfield code="a">v.</subfield></datafield><datafield ind1=" " ind2=" " tag="310"><subfield code="a">Weekly</subfield></datafield><datafield ind1="0" ind2=" " tag="362"><subfield code="a">Vol. 1, no. 1 (Jan. 10, 1890)-v. 90, no. 52 (Dec. 27, 1979).</subfield></datafield><datafield ind1=" " ind2="0" tag="651"><subfield code="a">Bement (Ill.)</subfield><subfield code="v">Newspapers.</subfield></datafield><datafield ind1=" " ind2="7" tag="655"><subfield code="a">Newspapers.</subfield><subfield code="2">fast</subfield><subfield code="0">(OCoLC)fst01423814</subfield></datafield><datafield ind1=" " ind2="7" tag="651"><subfield code="a">Illinois</subfield><subfield code="z">Bement.</subfield><subfield code="2">fast</subfield><subfield code="0">(OCoLC)fst01223735</subfield></datafield><datafield ind1=" " ind2=" " tag="752"><subfield code="a">United States</subfield><subfield code="b">Illinois</subfield><subfield code="c">Piatt</subfield><subfield code="d">Bement.</subfield></datafield><datafield ind1="0" ind2="4" tag="785"><subfield code="t">Piatt County journal-Republican</subfield><subfield code="w">(DLC)sn 92053155</subfield><subfield code="w">(OCoLC)25441932</subfield></datafield></record>